% Encoding: UTF-8

@Book{Toroman2019,
  author    = {Mustafa Toroman},
  publisher = {Packt Publishing},
  title     = {Azure Networking Cookbook: Practical recipes to manage network traffic in Azure, optimize performance, and secure Azure resources},
  year      = {2020},
  edition   = {1.},
  isbn      = {1789800226},
}

@TechReport{AlShawi2020,
  author    = {Al Shawi, M., Freitas, S., Vaganov, E., Adamski, T.},
  title     = {{Hybrid Connectivity: AWS Whitepaper}},
  year      = {2020},
  month     = sep,
  note      = {\url{https://docs.aws.amazon.com/whitepapers/latest/hybrid-connectivity/hybrid-connectivity.pdf}},
  edition   = {Initial publication},
  timestamp = {2020-10-22},
}

@Book{Durai2016,
  author    = {Arvind Durai, Stephen Lynn, Amit Srivastava},
  publisher = {Cisco Press},
  title     = {Virtual Routing in the Cloud},
  year      = {2016},
  edition   = {1.},
  isbn      = {1587144948},
}

@Book{Spenneberg2010,
  author    = {Ralf Spenneberg},
  publisher = {Addison-Wesley Verlag},
  title     = {VPN mit Linux - Grundlagen und Anwendung virtueller privater Netzwerke mit Open Source-Tools},
  year      = {2010},
  edition   = {2.},
  isbn      = {3827325153},
}

@Article{Umbs2020,
  author  = {Christian Umbs},
  journal = {Wirtschaftsinformatik & Management},
  title   = {{Arbeiten nach Corona: Ist Homeoffice das Modell der Zukunft?}},
  year    = {2020},
  number  = {12},
  pages   = {270â€“272},
}
@Book{Keijser2011,
  author    = {Jan Just Keijser},
  publisher = {Packt Publishing},
  title     = {OpenVPN 2 Cookbook},
  year      = {2011},
}

@Comment{jabref-meta: databaseType:bibtex;}
