% Encoding: UTF-8

@Book{Toroman2019,
  author    = {Mustafa Toroman},
  publisher = {Packt Publishing},
  title     = {Azure Networking Cookbook: Practical recipes to manage network traffic in Azure, optimize performance, and secure Azure resources},
  year      = {2019},
  edition   = {1.},
  isbn      = {1789800226},
}

@TechReport{AlShawi2020,
  author    = {Al Shawi, M. and Freitas, S. and Vaganov, E. and Adamski, T.},
  title     = {{Hybrid Connectivity: AWS Whitepaper}},
  year      = {2020},
  month     = sep,
  note      = {\url{https://docs.aws.amazon.com/whitepapers/latest/hybrid-connectivity/hybrid-connectivity.pdf}},
  edition   = {Initial publication},
  timestamp = {2020-10-22},
}

@Book{Durai2016,
  author    = {Arvind Durai and Stephen Lynn and Amit Srivastava},
  publisher = {Cisco Press},
  title     = {Virtual Routing in the Cloud},
  year      = {2016},
  edition   = {1.},
  isbn      = {1587144948},
}

@Book{Spenneberg2010,
  author    = {Ralf Spenneberg},
  publisher = {Addison-Wesley Verlag},
  title     = {VPN mit Linux - Grundlagen und Anwendung virtueller privater Netzwerke mit Open Source-Tools},
  year      = {2010},
  edition   = {2.},
  isbn      = {3827325153},
}

@Article{Umbs2020,
  author  = {Christian Umbs},
  journal = {Wirtschaftsinformatik \& Management},
  title   = {{Arbeiten nach Corona: Ist Homeoffice das Modell der Zukunft?}},
  year    = {2020},
  number  = {12},
  pages   = {270–272},
}

@Book{Keijser2011,
  author    = {Jan Just Keijser},
  publisher = {Packt Publishing},
  title     = {OpenVPN 2 Cookbook},
  year      = {2011},
}

@Book{Tanenbaum2003,
  author    = {Andrew S. Tanenbaum and Maarten van Steen},
  publisher = {Pearson Studium},
  title     = {Verteilte Systeme: Grundlagen und Paradigmen},
  year      = {2003},
  edition   = {1.},
}

@TechReport{Netgate2020,
  author      = {Netgate},
  institution = {Electric Sheep Fencing LLC and RubiconCommunications LLC},
  title       = {{The pfSense Documentation}},
  year        = {2020},
  note        = {\url{https://web.archive.org/web/20210125172757/https://docs.netgate.com/manuals/pfsense/en/latest/the-pfsense-documentation.pdf}},
}

@Book{Fall2011,
  author    = {Kevin R. Fall and W. Richard Stevens},
  publisher = {Addison Wesley},
  title     = {TCP/IP Illustrated, Volume 1: The Protocols},
  year      = {2011},
}

@Book{Schmeh2013,
  author    = {Klaus Schmeh},
  publisher = {dpunkt.verlag GmbH},
  title     = {Kryptografie: Verfahren, Protokolle, Infrastrukturen},
  year      = {2013},
  edition   = {5.},
}

@Book{Brikman2019,
  author    = {Yevgeniy Brikman},
  publisher = {O'Reilly Media},
  title     = {Terraform: Up \& Running: Writing Infrastructure as Code},
  year      = {2019},
  edition   = {2.},
  isbn      = {1492046906},
}

@Book{odom2010,
  author    = {Odom, Wendell},
  publisher = {Cisco Press},
  title     = {CCNP Route 642-902 Official Certification Guide},
  year      = {2010},
  isbn      = {1587202530},
}

@Article{mell2011,
  author    = {Peter Mell and Timothy Grance},
  title     = {{The NIST definition of cloud computing}},
  year      = {2011},
  note      = {\url{https://web.archive.org/web/20210421093652/https://nvlpubs.nist.gov/nistpubs/Legacy/SP/nistspecialpublication800-145.pdf}},
  publisher = {Computer Security Division, Information Technology Laboratory, National Institute of Standards and Technology},
}

@TechReport{awsug2020,
  author = {{Amazon Web Services, Inc.}},
  title  = {{Amazon Virtual Private Cloud: User Guide}},
  year   = {2020},
  month  = nov,
  note   = {\url{https://web.archive.org/web/20210123233358/https://docs.aws.amazon.com/vpc/latest/userguide/vpc-ug.pdf}},
}

@Book{edelman2018,
  author    = {Edelman, Jason and Lowe, Scott S and Oswalt, Matt},
  publisher = {O'Reilly Media, Inc.},
  title     = {Network Programmability and Automation: Skills for the Next-generation Network Engineer},
  year      = {2018},
}

@Electronic{Seidel2015,
  author       = {Udo Seidel},
  howpublished = {Online, abgerufen am 20. Mai 2021},
  note         = {\url{https://web.archive.org/web/20151002095242/http://www.heise.de/ix/heft/Losgelassen-2556771.html}},
  title        = {Losgelassen},
  year         = {2015},
}

@TechReport{itu1994,
  author = {International Telecommunications Union},
  title  = {{Information Technology - Open Systems Interconnection - Basic Reference Model: The Basic Model, ITU-T Recommendation X.200}},
  year   = {1994},
  note   = {ITU-T Recommendation X.200},
}

@Electronic{rfc1918,
  address      = {Online, abgerufen am 20. Mai 2021},
  author       = {Yakov Rekhter and Robert G. Moskowitz and Daniel Karrenberg and Geert Jan de Groot and Eliot Lear},
  howpublished = {Online, abgerufen am 20. Mai 2021},
  month        = feb,
  note         = {\url{http://www.rfc-editor.org/rfc/rfc1918.txt}},
  title        = {{Address Allocation for Private Internets}},
  url          = {http://www.rfc-editor.org/rfc/rfc1918.txt},
  year         = {1996},
  institution  = {RFC Editor},
  issn         = {2070-1721},
  number       = {5},
  publisher    = {RFC Editor},
  type         = {BCP},
}

@Electronic{rfc4271,
  address      = {Online, abgerufen am 20. Mai 2021},
  author       = {Y. Rekhter and T. Li and S. Hares},
  howpublished = {Online, abgerufen am 20. Mai 2021},
  month        = jan,
  note         = {\url{http://www.rfc-editor.org/rfc/rfc4271.txt}},
  title        = {{A Border Gateway Protocol 4 (BGP-4)}},
  url          = {http://www.rfc-editor.org/rfc/rfc4271.txt},
  year         = {2006},
  institution  = {RFC Editor},
  issn         = {2070-1721},
  number       = {4271},
  publisher    = {RFC Editor},
  type         = {RFC},
}

@Electronic{rfc6996,
  address      = {Online, abgerufen am 20. Mai 2021},
  author       = {J. Mitchell},
  howpublished = {Online, abgerufen am 20. Mai 2021},
  month        = jul,
  note         = {\url{http://www.rfc-editor.org/rfc/rfc6996.txt}},
  title        = {{Autonomous System (AS) Reservation for Private Use}},
  url          = {http://www.rfc-editor.org/rfc/rfc6996.txt},
  year         = {2013},
  institution  = {RFC Editor},
  issn         = {2070-1721},
  number       = {6},
  publisher    = {RFC Editor},
  type         = {BCP},
}

@Book{weltbevoelkerung2020dsw,
  author    = {{Deutsche Stiftung Weltbev{\"o}lkerung}},
  publisher = {DSW},
  title     = {{DSW-Datenreport: Soziale und demographische Daten weltweit}},
  year      = {2020},
  note      = {\url{https://www.dsw.org/wp-content/uploads/2020/10/DSW-Datenreport_2020_web-150.pdf}},
}

@Electronic{phpipamtf2020,
  howpublished = {Online, abgerufen am 20. Mai 2021},
  note         = {\url{https://web.archive.org/web/20201122173813/https://github.com/lord-kyron/terraform-provider-phpipam}},
  title        = {Terraform PHPIPAM provider - version 1.2.7},
  year         = {2020},
}

@Electronic{maxmind2021binary,
  author       = {{MaxMind, Inc.}},
  howpublished = {Online, abgerufen am 1. Juni 2021},
  note         = {\url{https://github.com/maxmind/MaxMind-DB/blob/main/MaxMind-DB-spec.md}},
  title        = {MaxMind DB File Format Specification},
  year         = {2021},
}

@Book{liu2006dns,
  author    = {Liu, Cricket and Albitz, Paul},
  publisher = {O'Reilly Media, Inc.},
  title     = {DNS and Bind},
  year      = {2006},
}

@Electronic{rfc2136,
  address      = {Online, abgerufen am 20. Mai 2021},
  author       = {Paul Vixie and Susan Thomson and Yakov Rekhter and Jim Bound},
  howpublished = {Online, abgerufen am 20. Mai 2021},
  month        = apr,
  note         = {\url{http://www.rfc-editor.org/rfc/rfc2136.txt}},
  title        = {{Dynamic Updates in the Domain Name System (DNS UPDATE)}},
  url          = {http://www.rfc-editor.org/rfc/rfc2136.txt},
  year         = {1997},
  institution  = {RFC Editor},
  issn         = {2070-1721},
  number       = {2136},
  publisher    = {RFC Editor},
  type         = {RFC},
}

@Article{sefraoui2012openstack,
  author    = {Sefraoui, Omar and Aissaoui, Mohammed and Eleuldj, Mohsine},
  journal   = {International Journal of Computer Applications},
  title     = {OpenStack: toward an open-source solution for cloud computing},
  year      = {2012},
  number    = {3},
  pages     = {38--42},
  volume    = {55},
  publisher = {Citeseer},
}

@Article{wool2006packet,
  author    = {Wool, Avishai},
  journal   = {Handbook of Information Security},
  title     = {Packet filtering and stateful firewalls},
  year      = {2006},
  pages     = {526--536},
  volume    = {3},
  publisher = {Citeseer},
}

@Electronic{tfmodule2021,
  author       = {{HashiCorp}},
  howpublished = {Online, abgerufen am 20. Mai 2021},
  note         = {\url{https://web.archive.org/web/20210323202054if_/https://www.terraform.io/docs/language/modules/syntax.html}},
  title        = {{Terraform Language: Module Blocks}},
  year         = {2021},
}

@Electronic{azureipv6_2020,
  author       = {{Microsoft Corporation}},
  howpublished = {Online, abgerufen am 20. Mai 2021},
  note         = {\url{https://web.archive.org/web/20210318145103/https://docs.microsoft.com/en-us/azure/virtual-network/ipv6-overview#limitations}},
  title        = {{What is IPv6 for Azure Virtual Network?}},
  year         = {2020},
}

@Electronic{vyosapi2021,
  author       = {{VyOS maintainers and contributors}},
  howpublished = {Online, abgerufen am 20. Mai 2021},
  note         = {\url{https://web.archive.org/web/20210405210638/https://docs.vyos.io/en/latest/automation/vyos-api.html}},
  title        = {{VyOS API}},
  year         = {2021},
}

@Electronic{phpipam2020,
  author       = {{phpIPAM}},
  howpublished = {Online, abgerufen am 20. Mai 2021},
  note         = {\url{https://web.archive.org/web/20201108102250/https://phpipam.net/}},
  title        = {{phpIPAM – Open source IP address management}},
  year         = {2020},
}

@Electronic{tufreiberg2021,
  author       = {{TU Bergakademie Freiberg}},
  howpublished = {Online, abgerufen am 20. Mai 2021},
  note         = {\url{https://tu-freiberg.de/urz/bandbreite-des-vpn-zugangs-verzehnfacht}},
  title        = {{Bandbreite des VPN-Zugangs verzehnfacht}},
  year         = {2021},
}

@Electronic{vyosopenvpn2021,
  author       = {{VyOS maintainers and contributors}},
  howpublished = {Online, abgerufen am 20. Mai 2021},
  note         = {\url{https://web.archive.org/web/20210125143708/https://docs.vyos.io/en/latest/configuration/interfaces/openvpn.html}},
  title        = {{VyOS Configuration Guide: OpenVPN}},
  year         = {2021},
}

@Electronic{rfc2865,
  author       = {C. Rigney and S. Willens and A. Rubens and W. Simpson},
  howpublished = {Online, abgerufen am 20. Mai 2021},
  month        = jun,
  note         = {\url{http://www.rfc-editor.org/rfc/rfc2865.txt}},
  title        = {{Remote Authentication Dial In User Service (RADIUS)}},
  url          = {http://www.rfc-editor.org/rfc/rfc2865.txt},
  year         = {2000},
  institution  = {RFC Editor},
  issn         = {2070-1721},
  number       = {2865},
  publisher    = {RFC Editor},
  type         = {RFC},
}

@Electronic{rfc4511,
  address      = {Online, abgerufen am 20. Mai 2021},
  author       = {J. Sermersheim},
  howpublished = {Online, abgerufen am 20. Mai 2021},
  month        = jun,
  note         = {\url{http://www.rfc-editor.org/rfc/rfc4511.txt}},
  title        = {{Lightweight Directory Access Protocol (LDAP): The Protocol}},
  url          = {http://www.rfc-editor.org/rfc/rfc4511.txt},
  year         = {2006},
  institution  = {RFC Editor},
  issn         = {2070-1721},
  number       = {4511},
  publisher    = {RFC Editor},
  type         = {RFC},
}

@Electronic{bindrrset2020,
  author       = {{Internet Systems Consortium}},
  howpublished = {Online, abgerufen am 20. Mai 2021},
  note         = {\url{https://web.archive.org/web/20200803200455/https://bind9.readthedocs.io/en/v9_16_4/reference.html#rrset-ordering}},
  title        = {{Bind 9 Configuration Reference: RRset Ordering}},
  year         = {2020},
}

@Electronic{remotestateimport2021,
  author       = {{HashiCorp}},
  howpublished = {Online, abgerufen am 20. Mai 2021},
  note         = {\url{https://web.archive.org/web/20210316085117if_/https://www.terraform.io/docs/language/state/remote-state-data.html}},
  title        = {{Terraform Language: The terraform\_remote\_state Data Source}},
  year         = {2021},
}

@Electronic{bindgeoip2020,
  author       = {{Internet Systems Consortium}},
  howpublished = {Online, abgerufen am 20. Mai 2021},
  note         = {\url{https://web.archive.org/web/20201202095156/https://kb.isc.org/docs/aa-01149}},
  title        = {{Using the GeoIP Features}},
  year         = {2020},
}

@Electronic{dnstf2021,
  author       = {{HashiCorp}},
  howpublished = {Online, abgerufen am 20. Mai 2021},
  note         = {\url{https://registry.terraform.io/providers/hashicorp/dns/3.0.1/docs}},
  title        = {{Providers: dns}},
  year         = {2021},
}

@TechReport{awsvpn2021,
  author       = {{Amazon Web Services, Inc.}},
  title        = {{AWS Site-to-Site VPN: User Guide}},
  year         = {2020},
  note         = {\url{https://web.archive.org/web/20200628140732/https://docs.aws.amazon.com/vpn/latest/s2svpn/s2s-vpn-user-guide.pdf}},
  howpublished = {Online, abgerufen am 20. Mai 2021},
}

@Electronic{githubbugtf2021,
  author       = {{HashiCorp}},
  howpublished = {Online, abgerufen am 20. Mai 2021},
  note         = {\url{https://github.com/hashicorp/terraform-provider-aws/issues/396}},
  title        = {{Github Issue Tracker: VPN Connection Tunnels incorrectly ordered}},
  year         = {2021},
}

@Electronic{azurebgp2020,
  author       = {{Microsoft Corporation}},
  howpublished = {Online, abgerufen am 20. Mai 2021},
  note         = {\url{https://web.archive.org/web/20201204122224/https://docs.microsoft.com/en-us/azure/vpn-gateway/bgp-howto}},
  title        = {{How to configure BGP on Azure VPN Gateways}},
  year         = {2020},
}

@Electronic{templatefiletf2021,
  author       = {{HashiCorp}},
  howpublished = {Online, abgerufen am 20. Mai 2021},
  note         = {\url{https://web.archive.org/web/20210301040910if\_/https://www.terraform.io/docs/language/functions/templatefile.html}},
  title        = {{Terraform Language: templatefile Function}},
  year         = {2021},
}

@Electronic{awsattributestf2021,
  author       = {HashiCorp},
  howpublished = {Online, abgerufen am 20. Mai 2021},
  note         = {\url{https://web.archive.org/web/20201106225257if\_/https://registry.terraform.io/providers/hashicorp/aws/latest/docs/resources/vpn\_connection}},
  title        = {Providers: aws - AWS Documentation: Resource: aws\_vpn\_connection},
  year         = {2020},
}

@Electronic{azurevpndeployment2021,
  author       = {{Microsoft Corporation}},
  howpublished = {Online, abgerufen am 20. Mai 2021},
  note         = {\url{https://web.archive.org/web/20210420043248/https://docs.microsoft.com/en-us/azure/vpn-gateway/vpn-gateway-about-vpngateways}},
  title        = {{What is VPN Gateway?}},
  year         = {2020},
}

@Electronic{awsthrottling2021,
  author       = {{Amazon Web Services, Inc.}},
  howpublished = {Online, abgerufen am 20. Mai 2021},
  note         = {\url{https://web.archive.org/web/20210223054544/https://docs.aws.amazon.com/AWSEC2/latest/APIReference/throttling.html}},
  title        = {{Amazon Elastic Compute Cloud: API Reference - Request throttling for the Amazon EC2 API}},
  year         = {2021},
}

@Electronic{awsfixtf2021,
  author       = {{HashiCorp}},
  howpublished = {Online, abgerufen am 20. Mai 2021},
  note         = {\url{https://github.com/hashicorp/terraform-provider-aws/pull/19077}},
  title        = {{Github PR: Prevent flipped tunnel1\_* and tunnel2\_* ordering when tunnel1\_inside\_cidr, tunnel1\_inside\_ipv6\_cidr, or tunnel1\_preshared\_key is configured}},
  year         = {2021},
}

@Electronic{destroytimeprovtf2021,
  author       = {{HashiCorp}},
  howpublished = {Online, abgerufen am 20. Mai 2021},
  note         = {\url{https://web.archive.org/web/20210506185832if\_/https://www.terraform.io/docs/language/resources/provisioners/syntax.html}},
  title        = {{Terraform Language: Provisioners}},
  year         = {2021},
}

@Electronic{filemanpage2021,
  author       = {Ian F. Darwin},
  howpublished = {Online, abgerufen am 20. Mai 2021},
  note         = {\url{https://web.archive.org/web/20210411043547/https://linux.die.net/man/1/file}},
  title        = {file(1) - Linux man page},
  year         = {2021},
}

@Electronic{maxminddbreader2021,
  author       = {{MaxMind, Inc.}},
  howpublished = {Online, abgerufen am 20. Mai 2021},
  note         = {\url{https://web.archive.org/web/20201110053320/https://github.com/maxmind/MaxMind-DB-Reader-python}},
  title        = {{MaxMind DB Python Module}},
  year         = {2021},
}

@Article{ChristofKerkmann2021,
  author  = {Christof Kerkmann and Stephan Scheuer},
  journal = {Handelsblatt},
  title   = {{Brand im Rechenzentrum: Warum eine Cloud-Strategie so wichtig ist}},
  year    = {2021},
  note    = {\url{https://www.handelsblatt.com/technik/it-internet/it-dienstleister-brand-im-rechenzentrum-warum-eine-cloud-strategie-so-wichtig-ist/27074336.html}},
  volume  = {Online, abgerufen am 20. Mai 2021},
}

@TechReport{SOLCOMGmbH2021,
  author = {{SOLCOM GmbH}},
  title  = {{SOLCOM Marktstudie: Ausblick auf den Projektmarkt 2021}},
  year   = {2021},
  note   = {\url{https://www.solcom.de/_Resources/Persistent/f87abfbbf115e7422c89673542d54c934f227a00/210315-Markstudie_Ausblick-auf-den-Projektmarkt-2021-eBook.pdf}},
}

@TechReport{Washam2014,
  author      = {Michael Washam},
  institution = {Microsoft Corporation},
  title       = {{Microsoft Azure ExpressRoute}},
  year        = {2014},
  note        = {\url{https://web.archive.org/web/20200726065920/https://download.microsoft.com/download/0/F/B/0FBFAA46-2BFD-478F-8E56-7BF3C672DF9D/Microsoft%20Azure%20ExpressRoute.pdf}},
}

@TechReport{awsdc2020,
  author = {Amazon Web Services, Inc.},
  title  = {{AWS Direct Connect: User Guide}},
  year   = {2020},
  note   = {\url{https://web.archive.org/web/20201018153056/https://docs.aws.amazon.com/directconnect/latest/UserGuide/dc-ug.pdf}},
}

@Electronic{Karlstetter2017,
  author       = {Florian Karlstetter},
  howpublished = {Online, abgerufen am 20. Mai 2021},
  note         = {\url{https://web.archive.org/web/20200515145106/https://www.cloudcomputing-insider.de/was-ist-on-premises-a-623402/}},
  title        = {{Definition: On-Premises (On-Prem) - Was ist On-Premises?}},
  year         = {2017},
}

@Electronic{Karlstetter2017a,
  author       = {Florian Karlstetter},
  howpublished = {Online, abgerufen am 20. Mai 2021},
  note         = {\url{https://web.archive.org/web/20190430104856/https://www.cloudcomputing-insider.de/was-ist-deployment-a-614153/}},
  title        = {{Definition: Softwarebereitstellung - Was ist Deployment?}},
  year         = {2017},
}

@Electronic{Laimingas2017,
  author       = {Laimingas and Sylvia Lösel},
  howpublished = {Online, abgerufen am 20. Mai 2021},
  note         = {\url{https://web.archive.org/web/20201010111438/https://www.it-business.de/was-ist-ein-managed-service-provider-msp-a-577911/}},
  title        = {{Definition: Was ist ein Managed Service Provider (MSP)?}},
  year         = {2017},
}

@Electronic{DBG2011,
  author       = {{DATACOM Buchverlag GmbH}},
  howpublished = {Online, abgerufen am 20. Mai 2021},
  note         = {\url{https://web.archive.org/web/20201202083146/https://www.itwissen.info/failover-Failover.html}},
  title        = {failover},
  year         = {2011},
}

@Electronic{Yegge2020,
  author       = {Steve Yegge},
  howpublished = {Online, abgerufen am 20. Mai 2021},
  note         = {\url{https://web.archive.org/web/20210427062815/https://steve-yegge.medium.com/dear-google-cloud-your-deprecation-policy-is-killing-you-ee7525dc05dc}},
  title        = {{Dear Google Cloud: Your Deprecation Policy is Killing You}},
  year         = {2020},
}

@Electronic{azurebfd2018,
  author       = {{Microsoft Corporation}},
  howpublished = {Online, abgerufen am 20. Mai 2021},
  note         = {\url{https://web.archive.org/web/20201111213941/https://docs.microsoft.com/en-us/azure/expressroute/expressroute-bfd}},
  title        = {{Configure BFD over ExpressRoute}},
  year         = {2018},
}

@Electronic{rfc7871,
  address      = {Online, abgerufen am 20. Mai 2021},
  author       = {C. Contavalli and W. van der Gaast and D. Lawrence and W. Kumari},
  howpublished = {Online, abgerufen am 20. Mai 2021},
  month        = {May},
  title        = {{Client Subnet in DNS Queries}},
  year         = {2016},
  institution  = {RFC Editor},
  issn         = {2070-1721},
  number       = {7871},
  publisher    = {RFC Editor},
  type         = {RFC},
}

@Electronic{maxmind2021geoip,
  author       = {{MaxMind, Inc.}},
  howpublished = {Online, abgerufen am 20. Mai 2021},
  note         = {\url{https://web.archive.org/web/20210517114355/https://www.maxmind.com/en/geoip2-services-and-databases}},
  title        = {GeoIP2},
}

@Comment{jabref-meta: databaseType:bibtex;}
